<record><leader>00000cas a22000007a 4500</leader><controlfield tag="001">13460397</controlfield><controlfield tag="008">860421d19581958nvuwr ne      0    0eng d</controlfield><datafield ind1=" " ind2=" " tag="010"><subfield code="a">sn 86076039 </subfield></datafield><datafield ind1=" " ind2=" " tag="040"><subfield code="a">NNX</subfield><subfield code="b">eng</subfield><subfield code="c">NNX</subfield><subfield code="d">OCL</subfield><subfield code="d">NNX</subfield><subfield code="d">OCLCQ</subfield></datafield><datafield ind1=" " ind2=" " tag="042"><subfield code="a">msc</subfield></datafield><datafield ind1="0" ind2="4" tag="245"><subfield code="a">The Independent of Reno, Sparks, Washoe County.</subfield></datafield><datafield ind1=" " ind2=" " tag="260"><subfield code="a">Reno, Nev. :</subfield><subfield code="b">Independent of Washoe County,</subfield><subfield code="c">1958.</subfield></datafield><datafield ind1=" " ind2=" " tag="300"><subfield code="a">1 v. :</subfield><subfield code="b">ill.</subfield></datafield><datafield ind1=" " ind2=" " tag="310"><subfield code="a">Weekly</subfield></datafield><datafield ind1="0" ind2=" " tag="362"><subfield code="a">Vol. 4, no. 2 (Jan. 13, 1958)-v. 4, no. 46 (Nov. 10, 1958).</subfield></datafield><datafield ind1=" " ind2=" " tag="530"><subfield code="a">Microfilm available from Recordak.</subfield></datafield><datafield ind1=" " ind2=" " tag="752"><subfield code="a">United States</subfield><subfield code="b">Nevada</subfield><subfield code="c">Washoe</subfield><subfield code="d">Reno.</subfield></datafield><datafield ind1="0" ind2="0" tag="780"><subfield code="t">Independent of Washoe County</subfield><subfield code="w">(DLC)sn 86076038</subfield><subfield code="w">(OCoLC)13460418</subfield></datafield></record>